<?xml version="1.0" encoding="UTF-8" ?>
<collection xmlns:xsi="http://www.w3.org/2001/XMLSchema-instance"
    xsi:schemaLocation="http://www.loc.gov/MARC21/slim
        http://www.loc.gov/standards/marcxml/schema/MARC21slim.xsd"
    xmlns="http://www.loc.gov/MARC21/slim">
<record>
  <leader>00317cam a2200637 i 4500</leader>
  <controlfield tag="001">b12487077</controlfield>
  <controlfield tag="003">LeBAU</controlfield>
  <controlfield tag="005">20190305</controlfield>
  <controlfield tag="008">970624s1949    ua       b    ||0 0 ara d</controlfield>
  <datafield tag="035" ind1=" " ind2=" ">
    <subfield code="a">ocn784345554</subfield>
  </datafield>
  <datafield tag="040" ind1=" " ind2=" ">
    <subfield code="a">LEAUB</subfield>
    <subfield code="b">ara</subfield>
    <subfield code="e">rda</subfield>
    <subfield code="c">LEAUB</subfield>
    <subfield code="d">LEAUB</subfield>
  </datafield>
  <datafield tag="082" ind1="0" ind2="4">
    <subfield code="a">492.7</subfield>
    <subfield code="2">23</subfield>
  </datafield>
  <datafield tag="100" ind1="1" ind2=" ">
    <subfield code="6">880-01</subfield>
    <subfield code="a">Thaʻlab, Aḥmad ibn Yaḥyá,</subfield>
    <subfield code="d">815-904,</subfield>
    <subfield code="e">author.</subfield>
  </datafield>
  <datafield tag="245" ind1="1" ind2="0">
    <subfield code="6">880-02</subfield>
    <subfield code="a">Hādhā Kitāb al-Faṣīḥ /</subfield>
    <subfield code="c">li-imām al-ʻArabīyah Abī al-ʻAbbās Thaʻlab, al-mutawaffá ʻām 291 H. Wa-sharḥuhu al-Talwīḥ fī sharḥ al-Faṣīḥ / li-Abī Sahl Muḥammad ibn ʻAlī al-Harawī, shaykh al-naḥw wa-al-lughah. Wa-yalīhi Dhayl al-Faṣīḥ / lil-shaykh al-ʻAllāmah Abī Muḥammad ʻAbd al-Laṭīf ibn Yūsuf ibn Muḥammad al-Baghdādī al-Naḥawī, alladhī allafahu ʻām 599 H. Thumma Muqaddimat al-Ishtiqāq al-Kabīr / li-Ibn Durayd, M. 321 H. [Thumma] Shawāhid al-Kitāb / li-Sībawayh, imām al-naḥw wa-al-ʻArabīyah, al-mutawaffá 189 H. Thumma Kitāb Faʻaltu wa-afʻaltu / taʼlīf Abī Isḥāq Ibrāhīm ibn Muḥammad al-Sarī ibn Sahl al-Naḥawī al-Zajjāj M. ʻām 311 H. ; nashr wa-taʻlīq al-Ustādh Muḥammad ʻAbd al-Munʻim Khafājī.</subfield>
  </datafield>
  <datafield tag="246" ind1="3" ind2="0">
    <subfield code="6">880-03</subfield>
    <subfield code="a">Kitāb al-Faṣīḥ</subfield>
  </datafield>
  <datafield tag="246" ind1="3" ind2="0">
    <subfield code="6">880-04</subfield>
    <subfield code="a">Faṣīḥ</subfield>
  </datafield>
  <datafield tag="246" ind1="1" ind2="3">
    <subfield code="6">880-05</subfield>
    <subfield code="a">Faṣīḥ Thaʻlab wa-al-shurūḥ allatī ʻalayh</subfield>
  </datafield>
  <datafield tag="264" ind1=" " ind2="1">
    <subfield code="6">880-06</subfield>
    <subfield code="a">[al-Qāhirah] :</subfield>
    <subfield code="b">[Muḥammad ʻAbd al-Munʻim Khafājī],</subfield>
    <subfield code="c">1949.</subfield>
  </datafield>
  <datafield tag="300" ind1=" " ind2=" ">
    <subfield code="6">880-07</subfield>
    <subfield code="a">b-y, 108, 38, 29, 9, 119, 64 pages ;</subfield>
    <subfield code="c">22 cm</subfield>
  </datafield>
  <datafield tag="336" ind1=" " ind2=" ">
    <subfield code="a">text</subfield>
    <subfield code="b">txt</subfield>
    <subfield code="2">rdacontent</subfield>
  </datafield>
  <datafield tag="337" ind1=" " ind2=" ">
    <subfield code="a">unmediated</subfield>
    <subfield code="b">n</subfield>
    <subfield code="2">rdamedia</subfield>
  </datafield>
  <datafield tag="338" ind1=" " ind2=" ">
    <subfield code="a">volume</subfield>
    <subfield code="b">nc</subfield>
    <subfield code="2">rdacarrier</subfield>
  </datafield>
  <datafield tag="504" ind1=" " ind2=" ">
    <subfield code="a">يتضمن مراجع ببليوغرافية.</subfield>
  </datafield>
  <datafield tag="588" ind1=" " ind2=" ">
    <subfield code="a">تاريخ النشر أخذ من الصفحة الأخيرة.</subfield>
  </datafield>
  <datafield tag="600" ind1="1" ind2="4">
    <subfield code="a">ثعلب، أحمد بن يحيى،</subfield>
    <subfield code="d">815-904.</subfield>
    <subfield code="t">الفصيح.</subfield>
  </datafield>
  <datafield tag="600" ind1="1" ind2="0">
    <subfield code="a">Thaʻlab, Aḥmad ibn Yaḥyá,</subfield>
    <subfield code="d">815-904.</subfield>
    <subfield code="t">Faṣīḥ.</subfield>
  </datafield>
  <datafield tag="650" ind1=" " ind2="4">
    <subfield code="a">اللغة العربية</subfield>
    <subfield code="x">قواعد</subfield>
    <subfield code="v">اعمال قديمة حتى 1800.</subfield>
  </datafield>
  <datafield tag="650" ind1=" " ind2="4">
    <subfield code="a">اللغة العربية</subfield>
    <subfield code="x">البلاغة</subfield>
    <subfield code="v">اعمال قديمة حتى 1800.</subfield>
  </datafield>
  <datafield tag="650" ind1=" " ind2="4">
    <subfield code="a">اللغة العربية</subfield>
    <subfield code="x">علم المعاجم</subfield>
    <subfield code="v">اعمال قديمة حتى 1800.</subfield>
  </datafield>
  <datafield tag="650" ind1=" " ind2="0">
    <subfield code="a">Arabic language</subfield>
    <subfield code="x">Grammar</subfield>
    <subfield code="v">Early works to 1800.</subfield>
  </datafield>
  <datafield tag="650" ind1=" " ind2="0">
    <subfield code="a">Arabic language</subfield>
    <subfield code="x">Rhetoric</subfield>
    <subfield code="v">Early works to 1800.</subfield>
  </datafield>
  <datafield tag="650" ind1=" " ind2="0">
    <subfield code="a">Arabic language</subfield>
    <subfield code="x">Lexicology</subfield>
    <subfield code="v">Early works to 1800.</subfield>
  </datafield>
  <datafield tag="700" ind1="1" ind2="2">
    <subfield code="6">880-08</subfield>
    <subfield code="a">Harawī, Muḥammad ibn ʻAlī,</subfield>
    <subfield code="d">982 or 983-1041 or 1042.</subfield>
    <subfield code="t">Talwīḥ fī sharḥ al-faṣīḥ.</subfield>
  </datafield>
  <datafield tag="700" ind1="1" ind2="2">
    <subfield code="6">880-09</subfield>
    <subfield code="a">ʻAbd al-Laṭīf al-Baghdādī, Muwaffaq al-Dīn,</subfield>
    <subfield code="d">1162-1231.</subfield>
    <subfield code="t">Dhayl al-Faṣīḥ.</subfield>
  </datafield>
  <datafield tag="700" ind1="1" ind2="2">
    <subfield code="6">880-10</subfield>
    <subfield code="a">Ibn Durayd, Muḥammad ibn al-Ḥasan,</subfield>
    <subfield code="d">837 or 838-933.</subfield>
    <subfield code="t">Muqaddimat al-Ishtiqāq al-Kabīr.</subfield>
  </datafield>
  <datafield tag="700" ind1="1" ind2="2">
    <subfield code="6">880-11</subfield>
    <subfield code="a">Sībawayh, ʻAmr ibn ʻUthmān,</subfield>
    <subfield code="d">active 8th century.</subfield>
    <subfield code="t">Shawāhid al-Kitāb.</subfield>
  </datafield>
  <datafield tag="700" ind1="1" ind2="2">
    <subfield code="6">880-12</subfield>
    <subfield code="a">Zajjāj, Abū Isḥāq Ibrāhīm ibn al-Sarī,</subfield>
    <subfield code="d">-923.</subfield>
    <subfield code="t">Faʻaltu wa-afʻaltu.</subfield>
  </datafield>
  <datafield tag="700" ind1="1" ind2=" ">
    <subfield code="6">880-13</subfield>
    <subfield code="a">Khafājī, Muḥammad ʻAbd al-Munʻim,</subfield>
    <subfield code="e">compiler.</subfield>
  </datafield>
  <datafield tag="852" ind1=" " ind2=" ">
    <subfield code="a">Jafet Library</subfield>
    <subfield code="e">American University of Beirut, Bliss Street, Beirut, Lebanon.‎</subfield>
  </datafield>
  <datafield tag="880" ind1="1" ind2=" ">
    <subfield code="6">100-01/(3/r</subfield>
    <subfield code="a">ثعلب، أحمد بن يحيى،</subfield>
    <subfield code="d">815-904،</subfield>
    <subfield code="e">مؤلف. </subfield>
    <subfield code="4">aut.</subfield>
  </datafield>
  <datafield tag="880" ind1="1" ind2="0">
    <subfield code="6">245-02/(3/r</subfield>
    <subfield code="a">هذا كتاب الفصيح /</subfield>
    <subfield code="c">لإمام العربية أبي العباس ثعلب، المتوفى عام 291 هـ. وشرحه التلويح في شرح الفصيح / لأبي سهل محمد بن علي الهروي شيخ النحو واللغة. ويليه ذيل الفصيح / للشيخ العلامة أبي محمد عبد اللطيف بن يوسف إبن محمد البغدادي النحوي، الذي ألفه عام 599 هـ. ثم مقدمة الإشتقاق الكبير / لإبن دريد، م. 321 هـ. [ثم] شواهد الكتاب / لسيبويه، امام النحو والعربية، المتوفى 189 هـ. ثم كتاب فعلت وأفعلت / تأليف أبي إسحاق إبراهيم إبن محمد السري بن سهل النحوي الزجاج، م. عام 311 هـ. ؛ نشر وتعليق الأستاذ محمد عبد المنعم خفاجي.</subfield>
  </datafield>
  <datafield tag="880" ind1="3" ind2="0">
    <subfield code="6">246-03/(3/r</subfield>
    <subfield code="a">كتاب الفصيح</subfield>
  </datafield>
  <datafield tag="880" ind1="3" ind2="0">
    <subfield code="6">246-04/(3/r</subfield>
    <subfield code="a">الفصيح</subfield>
  </datafield>
  <datafield tag="880" ind1="1" ind2="3">
    <subfield code="6">246-05/(3/r</subfield>
    <subfield code="a">فصيح ثعلب والشروح التي عليه</subfield>
  </datafield>
  <datafield tag="880" ind1=" " ind2="1">
    <subfield code="6">264-06/(3/r</subfield>
    <subfield code="a">[القاهرة] :</subfield>
    <subfield code="b">[محمد عبد المنعم خفاجي]،</subfield>
    <subfield code="c">1949.</subfield>
  </datafield>
  <datafield tag="880" ind1=" " ind2=" ">
    <subfield code="6">300-07/(3/r</subfield>
    <subfield code="a">ب-ى، 108، 38، 29، 9، 119، 64 صفحة ؛</subfield>
    <subfield code="c">22 سم</subfield>
  </datafield>
  <datafield tag="880" ind1="1" ind2="2">
    <subfield code="6">700-08/(3/r</subfield>
    <subfield code="a">الهروي، محمد بن علي،</subfield>
    <subfield code="d">982 او 983-1041 او 1042.</subfield>
    <subfield code="t">التلويح في شرح الفصيح.</subfield>
  </datafield>
  <datafield tag="880" ind1="1" ind2="2">
    <subfield code="6">700-09/(3/r</subfield>
    <subfield code="a">عبد اللطيف البغدادي، موفق الدين،</subfield>
    <subfield code="d">1162-1231.</subfield>
    <subfield code="t">ذيل الفصيح.</subfield>
  </datafield>
  <datafield tag="880" ind1="1" ind2="2">
    <subfield code="6">700-10/(3/r</subfield>
    <subfield code="a">ابن دريد، محمد بن الحسن،</subfield>
    <subfield code="d">837 او 838-933.</subfield>
    <subfield code="t">مقدمة الإشتقاق الكبير.</subfield>
  </datafield>
  <datafield tag="880" ind1="1" ind2="2">
    <subfield code="6">700-11/(3/r</subfield>
    <subfield code="a">سيبويه، عمر بن عثمان،</subfield>
    <subfield code="d">اشتهر في القرن 8.</subfield>
    <subfield code="t">شواهد الكتاب.</subfield>
  </datafield>
  <datafield tag="880" ind1="1" ind2="2">
    <subfield code="6">700-12/(3/r</subfield>
    <subfield code="a">الزجاج، ابو اسحق ابراهيم بن السري،</subfield>
    <subfield code="d">-923.</subfield>
    <subfield code="t">فعلت وأفعلت.</subfield>
  </datafield>
  <datafield tag="880" ind1="1" ind2=" ">
    <subfield code="6">700-13/(3/r</subfield>
    <subfield code="a">خفاجي، محمد عبد المنعم،</subfield>
    <subfield code="e">معد. </subfield>
    <subfield code="4">com.</subfield>
  </datafield>
  <datafield tag="907" ind1=" " ind2=" ">
    <subfield code="a">.b12487077</subfield>
    <subfield code="b">19-03-20</subfield>
    <subfield code="c">11-05-24</subfield>
  </datafield>
  <datafield tag="907" ind1=" " ind2=" ">
    <subfield code="a">.b12487077</subfield>
    <subfield code="b">11-10-11</subfield>
    <subfield code="c">11-05-24</subfield>
  </datafield>
  <datafield tag="945" ind1=" " ind2=" ">
    <subfield code="f">J</subfield>
    <subfield code="a">492.75:T365fA</subfield>
    <subfield code="i">00511258</subfield>
    <subfield code="j">.i12978681</subfield>
    <subfield code="l">u0503</subfield>
  </datafield>
  <datafield tag="998" ind1=" " ind2=" ">
    <subfield code="a">u05</subfield>
    <subfield code="b">97-06-24</subfield>
    <subfield code="c">m</subfield>
    <subfield code="d">a  </subfield>
    <subfield code="e">-</subfield>
    <subfield code="f">ara</subfield>
    <subfield code="g">ua </subfield>
    <subfield code="h">0</subfield>
    <subfield code="i">1</subfield>
  </datafield>
</record>
</collection>
